<record><leader>00000cas a2200000 a 4500</leader><controlfield tag="001">9977934</controlfield><controlfield tag="008">831004d18561858nyuwr ne      0    0eng c</controlfield><datafield ind1=" " ind2=" " tag="010"><subfield code="a">sn 83031274 </subfield></datafield><datafield ind1=" " ind2=" " tag="040"><subfield code="a">NPU</subfield><subfield code="b">eng</subfield><subfield code="c">NPU</subfield><subfield code="d">NPX</subfield><subfield code="d">NYS</subfield><subfield code="d">OCL</subfield><subfield code="d">NYS</subfield><subfield code="d">UKMGB</subfield><subfield code="d">OCLCQ</subfield><subfield code="d">OCLCO</subfield></datafield><datafield ind1="7" ind2=" " tag="016"><subfield code="a">013917747</subfield><subfield code="2">Uk</subfield></datafield><datafield ind1="1" ind2=" " tag="029"><subfield code="a">AU@</subfield><subfield code="b">000020227069</subfield></datafield><datafield ind1=" " ind2=" " tag="042"><subfield code="a">pcc</subfield></datafield><datafield ind1=" " ind2=" " tag="043"><subfield code="a">n-us-ny</subfield></datafield><datafield ind1="0" ind2=" " tag="130"><subfield code="a">Whig press and Orange County local record (Middletown, N.Y. : 1856)</subfield></datafield><datafield ind1="1" ind2="4" tag="245"><subfield code="a">The Whig press and Orange County local record.</subfield></datafield><datafield ind1="1" ind2="7" tag="246"><subfield code="a">Orange County local record</subfield></datafield><datafield ind1=" " ind2=" " tag="260"><subfield code="a">Middletown, N.Y. :</subfield><subfield code="b">John W. Hasbrouck,</subfield><subfield code="c">1856-1858.</subfield></datafield><datafield ind1=" " ind2=" " tag="300"><subfield code="a">3 v. :</subfield><subfield code="b">ill. (chiefly advertisements) ;</subfield><subfield code="c">61 cm.</subfield></datafield><datafield ind1=" " ind2=" " tag="310"><subfield code="a">Weekly</subfield></datafield><datafield ind1="0" ind2=" " tag="362"><subfield code="a">Vol. 5, no. 20 (Apr. 9, 1856)-v. 7, no. 52 (Nov. 17, 1858).</subfield></datafield><datafield ind1=" " ind2=" " tag="500"><subfield code="a">Published on Wednesday.</subfield></datafield><datafield ind1="4" ind2=" " tag="510"><subfield code="a">Gregory, W. Amer. newspapers, 1820-1936</subfield><subfield code="c">p. 458</subfield></datafield><datafield ind1=" " ind2=" " tag="530"><subfield code="a">Microfilm available from Hudson Micrographics.</subfield></datafield><datafield ind1=" " ind2="0" tag="651"><subfield code="a">Middletown (N.Y.)</subfield><subfield code="v">Newspapers.</subfield></datafield><datafield ind1=" " ind2="0" tag="651"><subfield code="a">Orange County (N.Y.)</subfield><subfield code="v">Newspapers.</subfield></datafield><datafield ind1=" " ind2=" " tag="752"><subfield code="a">United States</subfield><subfield code="b">New York</subfield><subfield code="c">Orange</subfield><subfield code="d">Middletown.</subfield></datafield><datafield ind1="0" ind2="0" tag="780"><subfield code="t">Whig press (Middletown, N.Y. : 1851)</subfield><subfield code="w">(DLC)sn 83031273</subfield><subfield code="w">(OCoLC)9941700</subfield></datafield><datafield ind1="0" ind2="0" tag="785"><subfield code="t">Whig press (Middletown, N.Y. : 1858)</subfield><subfield code="w">(DLC)sn 83031281</subfield><subfield code="w">(OCoLC)9977959</subfield></datafield></record>